@book{UNIXINSIDE,
   author = {Ю. Вахалия},
   year = {2003},
   title = {UNIX изнутри},
   publisher = {Питер},
   address = {-- СПб.},
}
